@inproceedings{qu2014internet,
  title={Internet-of-Things-Enabled Smart Production Logistics Execution System Based on Cloud Manufacturing},
  author={Qu, Ting and Lei, Shuiping and Chen, Yidong and Wang, Zongzhong and Luo, Hao and Huang, George Q},
  booktitle={ASME 2014 International Manufacturing Science and Engineering Conference collocated with the JSME 2014 International Conference on Materials and Processing and the 42nd North American Manufacturing Research Conference},
  pages={V001T04A030--V001T04A030},
  year={2014},
  organization={American Society of Mechanical Engineers}
}



@article{wang2014research,
  title={Research on selection strategy of machining equipment in cloud manufacturing},
  author={Wang, Shi-long and Guo, Liang and Kang, Ling and Li, Chang-song and Li, Xiao-yong and Stephane, Yossanguem Madjinoudji},
  journal={The International Journal of Advanced Manufacturing Technology},
  volume={71},
  number={9-12},
  pages={1549--1563},
  year={2014},
  publisher={Springer}
}









@article{hwang2006practices,
  title={The practices of integrating manufacturing execution systems and Six Sigma methodology},
  author={Hwang, Yeong-Dong},
  journal={The International Journal of Advanced Manufacturing Technology},
  volume={31},
  number={1-2},
  pages={145--154},
  year={2006},
  publisher={Springer}
}

@article{kumar2006implementing,
  title={Implementing the Lean Sigma framework in an Indian SME: a case study},
  author={Kumar, Mike and Antony, James and Singh, RK and Tiwari, MK and Perry, D},
  journal={Production Planning and Control},
  volume={17},
  number={4},
  pages={407--423},
  year={2006},
  publisher={Taylor \& Francis}
}









@article{hon2005performance,
  title={Performance and evaluation of manufacturing systems},
  author={Hon, KKB},
  journal={CIRP Annals-Manufacturing Technology},
  volume={54},
  number={2},
  pages={139--154},
  year={2005},
  publisher={Elsevier}
}


@article{jonsson1999evaluation,
  title={Evaluation and improvement of manufacturing performance measurement systems-the role of OEE},
  author={Jonsson, Patrik and Lesshammar, Magnus},
  journal={International Journal of Operations \& Production Management},
  volume={19},
  number={1},
  pages={55--78},
  year={1999},
  publisher={MCB UP Ltd}
}


@article{ahmad2002establishing,
  title={Establishing and improving manufacturing performance measures},
  author={Ahmad, M Munir and Dhafr, Nasreddin},
  journal={Robotics and Computer-Integrated Manufacturing},
  volume={18},
  number={3},
  pages={171--176},
  year={2002},
  publisher={Elsevier}
}










# Other interesting papers related to the topic
#
# Developments in integration of advanced monitoring systems

@article{oborski2014developments,
  title={Developments in integration of advanced monitoring systems},
  author={Oborski, Przemys{\l}aw},
  journal={The International Journal of Advanced Manufacturing Technology},
  volume={75},
  number={9-12},
  pages={1613--1632},
  year={2014},
  publisher={Springer}
}

# Integrated manufacturing process planning and control based on intelligent agents and multi-dimension features

@article{laili2012study,
  title={A study of optimal allocation of computing resources in cloud manufacturing systems},
  author={Laili, Yuanjun and Tao, Fei and Zhang, Lin and Sarker, Bhaba R},
  journal={The International Journal of Advanced Manufacturing Technology},
  volume={63},
  number={5-8},
  pages={671--690},
  year={2012},
  publisher={Springer}
}

@article{wang2013cnc,
  title={A CNC system based on real-time Ethernet and Windows NT},
  author={Wang, Ke and Zhang, Chengrui and Xu, Xun and Ji, Shuai and Yang, Lin},
  journal={The International Journal of Advanced Manufacturing Technology},
  volume={65},
  number={9-12},
  pages={1383--1395},
  year={2013},
  publisher={Springer}
}


@article{ghalayini1997integrated,
  title={An integrated dynamic performance measurement system for improving manufacturing competitiveness},
  author={Ghalayini, Alaa M and Noble, James S and Crowe, Thomas J},
  journal={International Journal of production economics},
  volume={48},
  number={3},
  pages={207--225},
  year={1997},
  publisher={Elsevier}
}
