% They give definition to "busy interval"
@article{baker2005analysis,
  title={An analysis of EDF schedulability on a multiprocessor},
  author={Baker, Theodore P},
  journal={IEEE Transactions on Parallel and Distributed Systems},
  volume={16},
  number={8},
  pages={760--768},
  year={2005},
  publisher={IEEE}
}

% Introduction of stuxnet
@article{chen2011stuxnet,
 author = {Chen, Thomas M. and Abu-Nimeh, Saeed},
 title = {Lessons from Stuxnet},
 journal = {Computer},
 issue_date = {April 2011},
 volume = {44},
 number = {4},
 month = apr,
 year = {2011},
 issn = {0018-9162},
 pages = {91--93},
 numpages = {3},
 url = {http://dx.doi.org/10.1109/MC.2011.115},
 doi = {10.1109/MC.2011.115},
 acmid = {1978332},
 publisher = {IEEE Computer Society Press},
 address = {Los Alamitos, CA, USA},
 keywords = {Malware, Security, Security, Stuxnet, Malware, Stuxnet}
} 

% Examing various attacks. First step of attacks is concluded here.
@article{byungho2014attack,
author = {Byungho Min and Vijay Varadharajan},
title = {Design and Analysis of Security Attacks against Critical Smart Grid Infrastructures},
journal ={2014 19th International Conference on Engineering of Complex Computer Systems},
volume = {0},
isbn = {},
year = {2014},
pages = {59-68},
doi = {http://doi.ieeecomputersociety.org/10.1109/ICECCS.2014.16},
publisher = {IEEE Computer Society},
address = {Los Alamitos, CA, USA}
}

% Classic Rate Monotonic (RM) scheduling algorithm paper
article{LiuLayland1973,
author = "C. L. Liu and J. W. Layland",
title = "{Scheduling algorithms for multiprogramming in a hard real-time environment}",
journal = "Journal of the ACM",
year =   "1973",
//volume ="20",
//number = "1",
//pages = "46--61"
}


% Nagy references:
% http://arxiv.org/pdf/1302.6123v1.pdf
@article{kadloor2013,
  author    = {Sachin Kadloor and
               Negar Kiyavash and
               Parv Venkitasubramaniam},
  title     = {Mitigating Timing Side Channel in Shared Schedulers},
  journal   = {CoRR},
  volume    = {abs/1302.6123},
  year      = {2013},
  url       = {http://arxiv.org/abs/1302.6123},
  //timestamp = {Fri, 01 Mar 2013 15:41:02 +0100},
  //biburl    = {http://dblp.uni-trier.de/rec/bib/journals/corr/abs-1302-6123},
  //bibsource = {dblp computer science bibliography, http://dblp.org}
}
%http://arxiv.org/pdf/1403.1276.pdf
@article{GongK14,
  author    = {Xun Gong and
               Negar Kiyavash},
  title     = {Timing Side Channels in Shared Queues},
  journal   = {CoRR},
  volume    = {abs/1403.1276},
  year      = {2014},
  url       = {http://arxiv.org/abs/1403.1276},
  timestamp = {Tue, 01 Apr 2014 11:56:46 +0200},
  biburl    = {http://dblp.uni-trier.de/rec/bib/journals/corr/GongK14},
  bibsource = {dblp computer science bibliography, http://dblp.org}
}
INPROCEEDINGS{Jiang2014, 
author={Ke Jiang and Batina, L. and Eles, P. and Zebo Peng}, 
booktitle={2014 IEEE Computer Society Annual Symposium on VLSI (ISVLSI)}, 
title={Robustness Analysis of Real-Time Scheduling Against Differential Power Analysis Attacks}, 
//year={2014}, 
//pages={450-455}, 
keywords={cryptography;embedded systems;performance evaluation;processor scheduling;DPA attacks;EDF scheduling;RMS;RTES security;SCA;analytical framework;communication confidentiality;confidentiality protection;cryptographic algorithms;differential power analysis attacks;earliest deadline first scheduling;functional correctness;rate-monotonic scheduling;real-time embedded systems;real-time scheduling policies;reliability critical areas;robustness analysis;safety critical areas;secret key robustness;side-channel attacks;system performance enhancement;system reliability enhancement;timing constraints;Correlation;Power demand;Power measurement;Real-time systems;Robustness;Security;Time measurement;AES;Differential Power Analysis Attacks;Embedded systems;Real-time scheduling;Robustness analysis}, 
//doi={10.1109/ISVLSI.2014.11}, 
//month={July},}

@article{bufferoverflow,
	Author = {Lhee, Kyung-Suk and Chapin, Steve J.},
	Doi = {10.1002/spe.515},
	Issn = {1097-024X},
	Journal = {Software: Practice and Experience},
	Keywords = {buffer overflow, format string overflow, array and pointer range checking, Linux, ELF},
	Number = {5},
	Pages = {423--460},
	Publisher = {John Wiley & Sons, Ltd.},
	Title = {Buffer overflow and format string overflow vulnerabilities},
	Url = {http://dx.doi.org/10.1002/spe.515},
	Volume = {33},
	Year = {2003},
	Bdsk-Url-1 = {http://dx.doi.org/10.1002/spe.515}}


@inproceedings{hu92,
  title={Lattice scheduling and covert channels},
  author={Hu, Wei-Ming},
  booktitle={Research in Security and Privacy, Proceedings., IEEE},
  year={1992},
}

article{lin09,
  title={Static security optimization for real-time systems},
  author={Lin, Man and Xu, Li and Yang, Laurence T and Qin, Xiao and Zheng, Nenggan and Wu, Zhaohui and Qiu, Meikang},
  journal={Industrial Informatics, IEEE},
  volume={5},
  number={1},
  pages={22--37},
  year={2009},
}

@INPROCEEDINGS{xu2015controlled, 
author={Yuanzhong Xu and Weidong Cui and Peinado, M.}, 
  booktitle={IEEE Symposium on Security and Privacy},
title={Controlled-Channel Attacks: Deterministic Side Channels for Untrusted Operating Systems}, 
year={2015}, 
}

@inproceedings{kong2008deconstructing,
  title={Deconstructing new cache designs for thwarting software cache-based side channel attacks},
  author={Kong, Jingfei and Aciicmez, Onur and Seifert, Jean-Pierre and Zhou, Huiyang},
  booktitle={Proceedings of the 2nd ACM workshop on Computer security architectures},
  year={2008},
}

@inproceedings{zhang2014new,
  title={New models of cache architectures characterizing information leakage from cache side channels},
  author={Zhang, Tianwei and Lee, Ruby B},
  booktitle={Proc. of the Annual Computer Security Applications Conference},
  year={2014},
}

@inproceedings{perkovic2000randomization,
  title={Randomization, speculation, and adaptation in batch schedulers},
  author={Perkovic, Dejan and Keleher, Peter J},
  booktitle={Proc.  of the ACM/IEEE conference on Supercomputing},
  pages={7},
  year={2000},
}

@inproceedings{chan2003random,
  title={Random key predistribution schemes for sensor networks},
  author={Chan, Haowen and Perrig, Adrian and Song, Dawn},
  booktitle={IEEE Symposium on Security and Privacy},
  year={2003},
}

@inproceedings{davi2013gadge,
  title={Gadge me if you can: Secure and efficient ad-hoc instruction-level randomization for x86 and arm},
  author={Davi, Lucas Vincenzo and Dmitrienko, Alexandra and N{\"u}rnberger, Stefan and Sadeghi, Ahmad-Reza},
  booktitle={Proceedings of the 8th ACM SIGSAC symposium on Information, computer and communications security},
  year={2013},
}

@inproceedings{crane2015readactor,
  title={Readactor: Practical code randomization resilient to memory disclosure},
  author={Crane, Stephen and Liebchen, Christopher and Homescu, Andrei and Davi, Lucas and Larsen, Per and Sadeghi, Ahmad-Reza and Brunthaler, Stefan and Franz, Michael},
  booktitle={IEEE Symposium on Security and Privacy},
  year={2015}
}
@TechReport{YoonSCOBE_TR:2015,
author = {Man-Ki Yoon and Sibin Mohan and Chien-Ying Chen and Lui Sha},
title = {{SCOBE}: A Schedule Randomization Protocol for Obfuscation Against Timing Inference Attacks in Hard Real-Time Systems},
institution = {University of Illinois at Urbana Champaign},
year = {2015},
note = {\url{http://hdl.handle.net/2142/88405}},
}

@INPROCEEDINGS{2016:taskshuffler, 
author={M. K. Yoon and S. Mohan and C. Y. Chen and L. Sha}, 
booktitle={IEEE Real-Time and Embedded Technology and Applications Symposium}, 
title={TaskShuffler: A Schedule Randomization Protocol for Obfuscation against Timing Inference Attacks in Real-Time Systems}, 
year={2016}, 
//pages={1-12}, 
//keywords={Cryptography;Interference;Protocols;Real-time systems;Schedules;Timing;Uncertainty}, 
//doi={10.1109/RTAS.2016.7461362}, 
//month={April},
}




@inproceedings{Zhang:2006:PIS,
 author = {Zhang, Yuting and West, Richard},
 title = {Process-Aware Interrupt Scheduling and Accounting},
 booktitle = {Proc. of the 27th IEEE International Real-Time Systems Symposium},
 year = {2006},
 //pages = {191--201},
} 
@inproceedings{Aciicmez:2007:PSB,
 author = {Acii\c{c}mez, Onur and Ko\c{c}, \c{C}etin Kaya and Seifert, Jean-Pierre},
 title = {On the Power of Simple Branch Prediction Analysis},
 //booktitle = {2007 Proceedings of the 2nd ACM Symposium on Information, Computer and Communications Security},
 booktitle = {Proceedings of the 2nd ACMCCS},
 year = {2007},
 //pages = {312--320},
} 
@INPROCEEDINGS{Liu:2015:LLC, 
author={Fangfei Liu and Yarom, Y. and Qian Ge and Heiser, G. and Lee, R.B.}, 
booktitle={IEEE Symposium on Security and Privacy}, 
title={Last-Level Cache Side-Channel Attacks are Practical}, 
year={2015}, 
pages={605-622}, 
}
@book{Liu:2000:RTS,
  author = {Liu, Jane W. S.},
  publisher = {Prentice Hall},
  title = {Real-Time Systems},
  year = 2000
}
@book{Buttazzo:1997:HRC,
 author = {Buttazzo, Giorgio C.},
 title = {Hard Real-Time Computing Systems: Predictable Scheduling Algorithms and Applications},
 year = {1997},
 //publisher = {Kluwer Academic Publishers},
}


@misc{nistsidechannel,
  title={Side-Channel Attacks: Ten Years After Its Publication and the Impacts on Cryptographic Module Security Testing},
  booktitle={IACR Eprint archive},
  keywords={implementation /},
  url={http://eprint.iacr.org/2005/388},
  note={ zyb@is.iscas.ac.cn 13083 received 27 Oct 2005},
  author={YongBin Zhou and DengGuo Feng},
  year=2005
}
@TECHREPORT{Tiu05anew,
    author = {Chin Chi Tiu},
    title = {A New Frequency-Based Side Channel Attack for Embedded Systems},
    institution = {},
    year = {2005}
}
@article{Wilhelm:2008:WEP,
 author = {Wilhelm, Reinhard and Engblom, Jakob and Ermedahl, Andreas and Holsti, Niklas and Thesing, Stephan and Whalley, David and Bernat, Guillem and Ferdinand, Christian and Heckmann, Reinhold and Mitra, Tulika and Mueller, Frank and Puaut, Isabelle and Puschner, Peter and Staschulat, Jan and Stenstr\"{o}m, Per},
 title = {The Worst-case Execution-time Problem - Overview of Methods and Survey of Tools},
 journal = {ACM Trans. Embed. Comput. Syst.},
 volume = {7},
 number = {3},
 month = may,
 year = {2008},
 pages = {36:1--36:53},
 articleno = {36},
} 
@inproceedings{Lickly:2008:PPP,
 author = {Lickly, Ben and Liu, Isaac and Kim, Sungjun and Patel, Hiren D. and Edwards, Stephen A. and Lee, Edward A.},
 title = {Predictable Programming on a Precision Timed Architecture},
 booktitle = {Proceedings of the 2008 International Conference on Compilers, Architectures and Synthesis for Embedded Systems},
 year = {2008},
 pages = {137--146},
} 

@inproceedings{Zhang2012,
 author = {Zhang, Yinqian and Juels, Ari and Reiter, Michael K. and Ristenpart, Thomas},
 title = {Cross-VM Side Channels and Their Use to Extract Private Keys},
 booktitle = {Proceedings of the 2012 ACM Conference on Computer and Communications Security},
 //series = {CCS '12},
 //year = {2012},
 //isbn = {978-1-4503-1651-4},
 //location = {Raleigh, North Carolina, USA},
 //pages = {305--316},
 //numpages = {12},
 //url = {http://doi.acm.org/10.1145/2382196.2382230},
 //doi = {10.1145/2382196.2382230},
 //acmid = {2382230},
 //publisher = {ACM},
 //address = {New York, NY, USA},
 //keywords = {cache-based side channel, cross-vm side channel, side-channel attack},
} 

@INPROCEEDINGS{Apecechea_finegrain, 
author={G. Irazoqui and M. S. Inci and T. Eisenbarth and B. Sunar}, 
booktitle={Big Data and Cloud Computing (BdCloud), IEEE}, 
title={Fine Grain Cross-VM Attacks on Xen and VMware}, 
year={2014}, 
//pages={737-744}, 
//month={Dec},
}

@MISC{Apecechea_finegrain1,
    author = {Gorka Irazoqui Apecechea and Mehmet Sinan Inci and Thomas Eisenbarth and Berk Sunar},
    booktitle={Big Data and Cloud Computing (BdCloud), 2014 IEEE Fourth International Conference on}, 
    title = {Fine grain Cross-VM Attacks on Xen and VMware are possible!},
    year = {2014}
}

@inproceedings{ghassami2015capacity,
  title={Capacity limit of queueing timing channel in shared FCFS schedulers},
  author={Ghassami, AmirEmad and Gong, Xun and Kiyavash, Negar},
  booktitle={2015 IEEE International Symposium on Information Theory (ISIT)},
  //pages={789--793},
  //year={2015},
  //organization={IEEE}
}

@inproceedings{Agrawal:2002:ES,
 author = {Agrawal, Dakshi and Archambeault, Bruce and Rao, Josyula R. and Rohatgi, Pankaj},
 title = {The EM Side-Channel(s)},
 booktitle = {the 4th International Workshop on Cryptographic Hardware and Embedded Systems},
 year = {2003},
 //pages = {29--45},
} 

@misc{Zedboard,
title = "{Xilinx Zedboard}",
note = {\url{http://zedboard.org/}},
}

@misc{FreeRTOS,
title = "{{FreeRTOS}}",
note = {\url{http://www.freertos.org/}}
}

% This paper talks about using gumbel distribution for WCET analysis
@inproceedings{hansen2009statistical,
  title={Statistical-based wcet estimation and validation},
  author={Hansen, Jeffery and Hissam, Scott A and Moreno, Gabriel A},
  booktitle={Proceedings of the 9th Intl. Workshop on Worst-Case Execution Time (WCET) Analysis},
  year={2009}
}

% This paper talks about WCET analysis in real-time systems.
@article{cazorla2013proartis,
  title={Proartis: Probabilistically analyzable real-time systems},
  author={Cazorla, Francisco J and Qui{\~n}ones, Eduardo and Vardanega, Tullio and Cucu, Liliana and Triquet, Benoit and Bernat, Guillem and Berger, Emery and Abella, Jaume and Wartel, Franck and Houston, Michael and others},
  journal={ACM Transactions on Embedded Computing Systems},
  //volume={12},
  //number={2s},
  //pages={94},
  year={2013},
  publisher={ACM}
}

% This paper takes an avionic system as an example to analyze execution times
@inproceedings{wartel2013measurement,
  title={Measurement-based probabilistic timing analysis: Lessons from an integrated-modular avionics case study},
  author={Wartel, Franck and Kosmidis, Leonidas and Lo, Code and Triquet, Benoit and Quinones, Eduardo and Abella, Jaume and Gogonel, Adriana and Baldovin, Andrea and Mezzetti, Enrico and Cucu, Liliana and others},
  booktitle={IEEE International Symposium on Industrial Embedded Systems (SIES)},
  pages={241--248},
  year={2013},
  organization={IEEE}
}

% This paper gives a survey of current existing UAV systems.
@article{puri2005survey,
  title={A survey of unmanned aerial vehicles (UAV) for traffic surveillance},
  author={Puri, Anuj},
  journal={Dept. of computer science and engineering, University of South Florida},
  year={2005}
}

% This one talks about measurement-based probabilistic timing analysis for multi-path programs. 
@inproceedings{cucu2012measurement,
  title={Measurement-based probabilistic timing analysis for multi-path programs},
  author={Cucu-Grosjean, Liliana and Santinelli, Luca and Houston, Michael and Lo, Code and Vardanega, Tullio and Kosmidis, Leonidas and Abella, Jaume and Mezzetti, Enrico and Quinones, Eduardo and Cazorla, Francisco J},
  booktitle={2012 24th Euromicro Conference on Real-Time Systems},
  pages={91--101},
  year={2012},
  organization={IEEE}
}

% This one talks about the distribution model of the execution time.
@inproceedings{burns2000predicting,
  title={Predicting computation time for advanced processor architectures},
  author={Burns, Alan and Edgar, Stewart},
  booktitle={Real-Time Systems, 2000. Euromicro RTS 2000. 12th Euromicro Conference on},
  pages={89--96},
  year={2000},
  organization={IEEE}
}

% This is about cache-based side-channel attack
@inproceedings{osvik2006cache,
  title={Cache attacks and countermeasures: the case of AES},
  author={Osvik, Dag Arne and Shamir, Adi and Tromer, Eran},
  booktitle={Cryptographers’ Track at the RSA Conference},
  pages={1--20},
  year={2006},
  organization={Springer}
}

% This is about cache-based side-channel attack
@article{page2002theoretical,
  title={Theoretical use of cache memory as a cryptanalytic side-channel.},
  author={Page, Dan},
  journal={IACR Cryptology ePrint Archive},
  volume={2002},
  pages={169},
  year={2002}
}

% The first paper about cache side channel attack
@inproceedings{kelsey1998side,
  title={Side channel cryptanalysis of product ciphers},
  author={Kelsey, John and Schneier, Bruce and Wagner, David and Hall, Chris},
  booktitle={European Symposium on Research in Computer Security},
  //pages={97--110},
  year={1998},
  //organization={Springer}
}

% The classic cache attack on cloud computers
@inproceedings{ristenpart2009hey,
  title={Hey, you, get off of my cloud: exploring information leakage in third-party compute clouds},
  author={Ristenpart, Thomas and Tromer, Eran and Shacham, Hovav and Savage, Stefan},
  booktitle={Proceedings of the 16th ACM conference on Computer and communications security},
  //pages={199--212},
  year={2009},
  organization={ACM}
}

% WCET analysis using normal distribution
  %volume={8},
  %number={3},
  %pages={11--14},
@article{lu2011new,
  title={A new way about using statistical analysis of worst-case execution times},
  author={Lu, Yue and Nolte, Thomas and Bate, Iain and Cucu-Grosjean, Liliana},
  journal={ACM SIGBED Review},
  year={2011},
  publisher={ACM}
}

% Integrating crystallographic mechanisms
@article{xie2007schedulesecurity,
 author = {Xie, Tao and Qin, Xiao},
 title = {Improving Security for Periodic Tasks in Embedded Systems Through Scheduling},
 journal = {ACM Trans. Embed. Comput. Syst.},
 //issue_date = {July 2007},
 //volume = {6},
 //number = {3},
 //month = jul,
 year = {2007},
 //issn = {1539-9087},
 //articleno = {20},
 //url = {http://doi.acm.org/10.1145/1275986.1275992},
 //doi = {10.1145/1275986.1275992},
 acmid = {1275992},
 publisher = {ACM},
 address = {New York, NY, USA},
 keywords = {Real-time systems, embedded systems, periodic tasks, scheduling, security-sensitive applications},
} 
% Integrating crystallographic mechanisms

@ARTICLE{lin2009rtssecurity, 
author={M. Lin and L. Xu and L. T. Yang and X. Qin and N. Zheng and Z. Wu and M. Qiu}, 
journal={IEEE Transactions on Industrial Informatics}, 
title={Static Security Optimization for Real-Time Systems}, 
year={2009}, 
volume={5}, 
number={1}, 
pages={22-37}, 
keywords={data integrity;embedded systems;scheduling;security of data;earliest deadline first;group-based security service model;real-time scheduling algorithm;real-time systems;security-aware optimization problem;static security optimization;Application software;Computer science;Control systems;Information security;Medical control systems;Radar tracking;Rail transportation;Real time systems;Scheduling algorithm;Testing;Embedded real-time systems;optimization;security}, 
doi={10.1109/TII.2009.2014055}, 
ISSN={1551-3203}, 
month={Feb},}

% Pace maker security
@article{gollakota2011they,
  title={They can hear your heartbeats: non-invasive security for implantable medical devices},
  author={Gollakota, Shyamnath and Hassanieh, Haitham and Ransford, Benjamin and Katabi, Dina and Fu, Kevin},
  journal={ACM SIGCOMM Computer Communication Review},
  volume={41},
  number={4},
  pages={2--13},
  year={2011},
  publisher={ACM}
}

% car can bus security
@inproceedings{checkoway2011comprehensive,
  title={Comprehensive Experimental Analyses of Automotive Attack Surfaces.},
  author={Checkoway, Stephen and McCoy, Damon and Kantor, Brian and Anderson, Danny and Shacham, Hovav and Savage, Stefan and Koscher, Karl and Czeskis, Alexei and Roesner, Franziska and Kohno, Tadayoshi and others},
  booktitle={USENIX Security Symposium},
  year={2011},
  //organization={San Francisco}
}

@article{chen2011lessons,
  title={Lessons from stuxnet},
  author={Chen, Thomas M and Abu-Nimeh, Saeed},
  journal={Computer},
  volume={44},
  number={4},
  pages={91--93},
  year={2011},
  publisher={IEEE}
}

@inproceedings{certs2016shceduleak,
  title={ScheduLeak: An Algorithm for Reconstructing Task Schedules in Fixed-Priority Hard Real-Time Systems},
  author={Chien-Ying Chen and Amiremad Ghassami and Sibin Mohan and Negar Kiyavash and Rakesh B. Bobba and Rodolfo Pellizzoni},
  booktitle={1st Workshop on Security and Dependability of Critical Embedded Real-Time Systems},
  //booktitle={1st Workshop on Security and Dependability of CERTS},
  year={2016},
}

@article{rtcsa2017scheduleak,
  author    = {Chien-Ying Chen and Amiremad Ghassami and Sibin Mohan and Negar Kiyavash and Rakesh B. Bobba and Rodolfo Pellizzoni and Man-ki Yoon},
  title     = {A Reconnaissance Attack Mechanism for Fixed-Priority Real-Time Systems},
  year      = {2017},
  url       = {https://arxiv.org/abs/1705.02561},
}

% This paper developed a framework for examining the effectiveness of scheduling policies in preventing differential power analysis attacks.
@INPROCEEDINGS{Jiang2014, 
author={Ke Jiang and Batina, L. and Eles, P. and Zebo Peng}, 
booktitle={2014 IEEE Computer Society Annual Symposium on VLSI (ISVLSI)}, 
title={Robustness Analysis of Real-Time Scheduling Against Differential Power Analysis Attacks}, 
year={2014}, 
pages={450-455}, 
keywords={cryptography;embedded systems;performance evaluation;processor scheduling;DPA attacks;EDF scheduling;RMS;RTES security;SCA;analytical framework;communication confidentiality;confidentiality protection;cryptographic algorithms;differential power analysis attacks;earliest deadline first scheduling;functional correctness;rate-monotonic scheduling;real-time embedded systems;real-time scheduling policies;reliability critical areas;robustness analysis;safety critical areas;secret key robustness;side-channel attacks;system performance enhancement;system reliability enhancement;timing constraints;Correlation;Power demand;Power measurement;Real-time systems;Robustness;Security;Time measurement;AES;Differential Power Analysis Attacks;Embedded systems;Real-time scheduling;Robustness analysis}, 
doi={10.1109/ISVLSI.2014.11}, 
month={July},}

% Sibin's vendor-based development model
inproceedings{embeddedsecurity:mohan2015, 
	author = {Rodolfo Pellizzoni and Neda Paryab and Man-Ki Yoon and Stanley Bak and Sibin Mohan and Rakesh Bobba},
	booktitle = RTAS,
	title = {A Generalized Model for Preventing Information Leakage in Hard Real-Time Systems}, 
	year = {2015}
}

% for discrete time model and sporadic modeling
@book{isovic2001handling,
  title={Handling sporadic tasks in real-time systems: combined offline and online approach},
  author={Isovic, Damir},
  year={2001},
  publisher={M{\"a}lardalen University}
}

% Ilya's paper about SMART at University of Michigan.
%I. Kovalenko, M. Saez, K. Barton, and D. Tilbury, “SMART: A System-Level Manufacturing and Automation Research Testbed,” Smart and Sustainable Manufacturing Systems, Accepted for Publication.
@article{ilya:smart,
author = "I. Kovalenko, M. Saez, K. Barton, and D. Tilbury",
title = "{SMART: A System-Level Manufacturing and Automation Research Testbed}",
journal = "Smart and Sustainable Manufacturing Systems",
year =   "2017",
//volume ="20",
//number = "1",
//pages = "46--61"
}

@article{huang2008rfid,
  title={RFID-based wireless manufacturing for real-time management of job shop WIP inventories},
  author={Huang, George Q and Zhang, YF and Jiang, PY},
  journal={The International Journal of Advanced Manufacturing Technology},
  volume={36},
  number={7},
  pages={752--764},
  year={2008},
  publisher={Springer}
}

