@inproceedings{chou2009optimal,
  title={Optimal multi-path routing and bandwidth allocation under utility max-min fairness},
  author={Chou, Jerry and Lin, Bill},
  booktitle={Quality of Service, 2009. IWQoS. 17th International Workshop on},
  pages={1--9},
  year={2009},
  organization={IEEE}
}

@inproceedings{cao1999utility,
  title={Utility max-min: An application-oriented bandwidth allocation scheme},
  author={Cao, Zhiruo and Zegura, Ellen W},
  booktitle={INFOCOM'99. Eighteenth Annual Joint Conference of the IEEE Computer and Communications Societies. Proceedings. IEEE},
  volume={2},
  pages={793--801},
  year={1999},
  organization={IEEE}
}
