%This one proposes an interface to specify policies for applications which require preferential services.
%It leverages the SDN framework to provision the network such that the QoS is applied based on the policies.
@InProceedings{sdn:bari2013policycop,
  title={PolicyCop: an autonomic QoS policy enforcement framework for software defined networks},
  author={M.F.Bari and David R. Cheriton and S.R. Chowdhury and R. Ahmed and R. Boutaba},
  booktitle={Future Networks and Services (SDN4FNS), 2013 IEEE SDN for},
  pages={1--7},
  year={2013},
  organization={IEEE}
}

%This paper contains a survey of traditional traffic engineering technics while providing a high level
%overview of research issues related SDN enabled traffic engineering. It also includes a qualitative 
%analysis of various data plane fault recovery mechanisms in SDN.
@Article{sdn:akyildiz2014roadmap,
  title={A roadmap for traffic engineering in SDN-OpenFlow networks},
  author={Akyildiz, Ian F and Lee, Ahyoung and Wang, Pu and Luo, Min and Chou, Wu},
  journal={Computer Networks},
  volume={71},
  pages={1--30},
  year={2014},
  publisher={Elsevier}
}

% This paper discusses about an implementation of MPLS-TE on enabled SDN network which uses the NOX controller.
@InProceedings{sdn:sharafat2011mpls,
  title={Mpls-te and mpls vpns with openflow},
  author={Sharafat, Ali Reza and Das, Saurav and Parulkar, Guru and McKeown, Nick},
  booktitle={ACM SIGCOMM Computer Communication Review},
  volume={41},
  pages={452--453},
  year={2011},
  organization={ACM}
}

%This paper uses the Geni infrastructure to test the suitability of SDN in meeting the QoS and 
%fault tolerance required by the power grid networks.
@article{sdn:sydney2014using,
  title={Using GENI for experimental evaluation of Software Defined Networking in smart grids},
  author={Sydney, Ali and Ochs, David S and Scoglio, Caterina and Gruenbacher, Don and Miller, Ruth},
  journal={Computer Networks},
  volume={63},
  pages={5--16},
  year={2014},
  publisher={Elsevier}
}

% Fast failover for SDNs
@inproceedings{sdn:sahri2014,
 author = {Sahri, N. M. and Okamura, Koji},
 title = {{Fast Failover Mechanism for Software Defined Networking: OpenFlow Based}},
 booktitle = {Proceedings of The Ninth International Conference on Future Internet Technologies},
 series = {CFI '14},
 year = {2014},
 isbn = {978-1-4503-2942-2},
 location = {Tokyo, Japan},
 pages = {16:1--16:2},
 articleno = {16},
 numpages = {2},
 url = {http://doi.acm.org/10.1145/2619287.2619303},
 doi = {10.1145/2619287.2619303},
 acmid = {2619303},
 publisher = {ACM},
 address = {New York, NY, USA},
 keywords = {OpenFlow, SDN, fast failover, future internet, traffic engineering},
} 

%FatTire Declaractive Language.
@inproceedings{sdn:reitblatt2013,
 author = {Reitblatt, Mark and Canini, Marco and Guha, Arjun and Foster, Nate},
 title = {FatTire: Declarative Fault Tolerance for Software-defined Networks},
 booktitle = {Proceedings of the Second ACM SIGCOMM Workshop on Hot Topics in Software Defined Networking},
 series = {HotSDN '13},
 year = {2013},
 isbn = {978-1-4503-2178-5},
 location = {Hong Kong, China},
 pages = {109--114},
 numpages = {6},
 url = {http://doi.acm.org/10.1145/2491185.2491187},
 doi = {10.1145/2491185.2491187},
 acmid = {2491187},
 publisher = {ACM},
 address = {New York, NY, USA},
 keywords = {fast failover, fault tolerance, frenetic, netcore, openflow},
} 

% Bandwidth guarantees for SDNs
@article{sdn:kodialam2003dynamic,
  title={Dynamic routing of restorable bandwidth-guaranteed tunnels using aggregated network resource usage information},
  author={Kodialam, Murali and Lakshman, TV},
  journal={IEEE/ACM Transactions on Networking (TON)},
  volume={11},
  number={3},
  pages={399--410},
  year={2003},
  publisher={IEEE Press}
}

% This paper is in the periphery, but it has more to do with coming up with new knobs to do
% QoS than to use the knobs that have been exposed in OF13 already, but this group may have
% some other refs/things in the space.
@inproceedings{sdn:sivaraman2013no,
  title={No silver bullet: extending SDN to the data plane},
  author={Sivaraman, Anirudh and Winstein, Keith and Subramanian, Suvinay and Balakrishnan, Hari},
  booktitle={Proceedings of the Twelfth ACM Workshop on Hot Topics in Networks},
  pages={19},
  year={2013},
  organization={ACM}
}



@article{sdn:mckeown2008,
 author = {McKeown, Nick and Anderson, Tom and Balakrishnan, Hari and Parulkar, Guru and Peterson, Larry and Rexford, Jennifer and Shenker, Scott and Turner, Jonathan},
 title = {OpenFlow: Enabling Innovation in Campus Networks},
 journal = {SIGCOMM Comput. Commun. Rev.},
 issue_date = {April 2008},
 volume = {38},
 number = {2},
 month = mar,
 year = {2008},
 issn = {0146-4833},
 pages = {69--74},
 numpages = {6},
 url = {http://doi.acm.org/10.1145/1355734.1355746},
 doi = {10.1145/1355734.1355746},
 acmid = {1355746},
 publisher = {ACM},
 address = {New York, NY, USA},
 keywords = {ethernet switch, flow-based, virtualization},
}


@conference{mcgeer12,
	Author = {Rick McGeer},
	Booktitle = {Proceedings of HotSDN},
	Date-Added = {2015-01-10 02:36:01 +0000},
	Date-Modified = {2015-01-10 02:37:32 +0000},
	Title = {{A safe, efficient update protocol for OpenFlow networks}},
	Year = {2012}}

@conference{NoyesWCF13,
	Author = {Andrew Noyes and Todd War and Pavol Cerny and Nate Foster},
	Booktitle = {Proceedings of Workshop on Synthesis (SYNT)},
	Date-Added = {2015-01-10 02:33:06 +0000},
	Date-Modified = {2015-01-10 02:34:57 +0000},
	Month = {July},
	Title = {Toward Synthesis of Network Updates.},
	Year = {2013}}

@inproceedings{al2009network,
	Author = {Al-Shaer, Ehab and Marrero, Wilfredo and El-Atawy, Adel and ElBadawi, Khalid},
	Booktitle = {Network Protocols, 2009. ICNP 2009. 17th IEEE International Conference on},
	Organization = {IEEE},
	Pages = {123--132},
	Title = {Network configuration in a box: Towards end-to-end verification of network reachability and security},
	Year = {2009}}

@inproceedings{kazemian2012header,
	Author = {Kazemian, Peyman and Varghese, George and McKeown, Nick},
	Booktitle = {NSDI},
	Pages = {113--126},
	Title = {Header Space Analysis: Static Checking for Networks.},
	Year = {2012}}

@article{mai2011debugging,
	Author = {Mai, Haohui and Khurshid, Ahmed and Agarwal, Rachit and Caesar, Matthew and Godfrey, P and King, Samuel Talmadge},
	Journal = {ACM SIGCOMM Computer Communication Review},
	Number = {4},
	Pages = {290--301},
	Publisher = {ACM},
	Title = {Debugging the data plane with anteater},
	Volume = {41},
	Year = {2011}}

@misc{erickson2008demonstration,
	Author = {Erickson, David and Gibb, Glen and Heller, Brandon and Underhill, David and Naous, Jad and Appenzeller, Guido and Parulkar, Guru and McKeown, Nick and Rosenblum, Mendel and Lam, Monica and others},
	Publisher = {Demo at ACM SIGCOMM},
	Title = {A demonstration of virtual machine mobility in an OpenFlow network},
	Year = {2008}}

@article{raza2011graceful,
	Author = {Raza, Saqib and Zhu, Yuanbo and Chuah, Chen-Nee},
	Journal = {IEEE/ACM Transactions on Networking (TON)},
	Number = {4},
	Pages = {1097--1110},
	Publisher = {IEEE Press},
	Title = {Graceful network state migrations},
	Volume = {19},
	Year = {2011}}

@inproceedings{qazi2013simple,
	Author = {Qazi, Zafar Ayyub and Tu, Cheng-Chun and Chiang, Luis and Miao, Rui and Sekar, Vyas and Yu, Minlan},
	Booktitle = {Proceedings of the ACM SIGCOMM 2013 conference on SIGCOMM},
	Organization = {ACM},
	Pages = {27--38},
	Title = {SIMPLE-fying middlebox policy enforcement using SDN},
	Year = {2013}}

@inproceedings{levin2012logically,
	Author = {Levin, Dan and Wundsam, Andreas and Heller, Brandon and Handigol, Nikhil and Feldmann, Anja},
	Booktitle = {Proceedings of the first workshop on Hot topics in software defined networks},
	Organization = {ACM},
	Pages = {1--6},
	Title = {Logically centralized?: state distribution trade-offs in software defined networks},
	Year = {2012}}

@inproceedings{sdn:rei2012,
	Author = {Reitblatt, Mark and Foster, Nate and Rexford, Jennifer and Schlesinger, Cole and Walker, David},
	Booktitle = {Proceedings of the ACM SIGCOMM 2012 conference on Applications, technologies, architectures, and protocols for computer communication},
	Organization = {ACM},
	Pages = {323--334},
	Title = {Abstractions for network update},
	Year = {2012}}

@inproceedings{sdn:jin2014,
	Author = {Jin, Xin and Liu, Hongqiang Harry and Gandhi, Rohan and Kandula, Srikanth and Mahajan, Ratul and Zhang, Ming and Rexford, Jennifer and Wattenhofer, Roger},
	Booktitle = {Proceedings of the 2014 ACM conference on SIGCOMM},
	Organization = {ACM},
	Pages = {539--550},
	Title = {Dynamic scheduling of network updates},
	Year = {2014}}

@inproceedings{sdn:gho2014,
	Author = {Ghorbani, Soudeh and Godfrey, Brighten},
	Booktitle = {Proceedings of the second ACM SIGCOMM workshop on Hot topics in software defined networking},
	Organization = {ACM},
	Title = {Towards Correct Network Virtualization},
	Year = {2014}}

@techreport{sdn:ghor2014,
	Author = {Ghorbani, Soudeh and Schlesinger, Cole and Monaco, Matthew and Keller, Eric and Caesar, Matthew and Rexford, Jennifer and Walker, David},
	Institution = {Technical report, CS UIUC, 2013. www. cs. illinois. edu/\~{} ghorban2/papers/lime},
	Title = {Transparent, Live Migration of a Software-Defined Network}}

@article{mckeown2008openflow,
	Author = {McKeown, Nick and Anderson, Tom and Balakrishnan, Hari and Parulkar, Guru and Peterson, Larry and Rexford, Jennifer and Shenker, Scott and Turner, Jonathan},
	Journal = {ACM SIGCOMM Computer Communication Review},
	Number = {2},
	Pages = {69--74},
	Publisher = {ACM},
	Title = {OpenFlow: enabling innovation in campus networks},
	Volume = {38},
	Year = {2008}}

@inproceedings{kazemian2013real,
	Author = {Kazemian, Peyman and Chan, Michael and Zeng, Hongyi and Varghese, George and McKeown, Nick and Whyte, Scott},
	Booktitle = {NSDI},
	Pages = {99--111},
	Title = {Real Time Network Policy Checking Using Header Space Analysis.},
	Year = {2013}}

@article{khurshid2012veriflow,
	Author = {Khurshid, Ahmed and Zhou, Wenxuan and Caesar, Matthew and Godfrey, P},
	Journal = {ACM SIGCOMM Computer Communication Review},
	Number = {4},
	Pages = {467--472},
	Publisher = {ACM},
	Title = {Veriflow: Verifying network-wide invariants in real time},
	Volume = {42},
	Year = {2012}}

@inproceedings{katta2013incremental,
	Author = {Katta, Naga Praveen and Rexford, Jennifer and Walker, David},
	Booktitle = {Proceedings of the second ACM SIGCOMM workshop on Hot topics in software defined networking},
	Organization = {ACM},
	Pages = {49--54},
	Title = {Incremental consistent updates},
	Year = {2013}}

@inproceedings{ghorbani2012walk,
	Author = {Ghorbani, Soudeh and Caesar, Matthew},
	Booktitle = {Proceedings of the first workshop on Hot topics in software defined networks},
	Organization = {ACM},
	Pages = {67--72},
	Title = {Walk the line: consistent network updates with bandwidth guarantees},
	Year = {2012}}

@inproceedings{liu2013zupdate,
	Author = {Liu, Hongqiang Harry and Wu, Xin and Zhang, Ming and Yuan, Lihua and Wattenhofer, Roger and Maltz, David},
	Booktitle = {Proceedings of the ACM SIGCOMM 2013 conference on SIGCOMM},
	Organization = {ACM},
	Pages = {411--422},
	Title = {zUpdate: updating data center networks with zero loss},
	Year = {2013}}

@inproceedings{mahajan2013consistent,
	Author = {Mahajan, Ratul and Wattenhofer, Roger},
	Booktitle = {Proceedings of the Twelfth ACM Workshop on Hot Topics in Networks},
	Organization = {ACM},
	Pages = {20},
	Title = {On consistent updates in software defined networks},
	Year = {2013}}

@misc{ryu,
	Howpublished = {\url{http://osrg.github.io/ryu/}},
	Note = {Accessed: 2014-11-01},
	Title = {Ryu Controller}}

@inproceedings{lantz2010network,
	Author = {Lantz, Bob and Heller, Brandon and McKeown, Nick},
	Booktitle = {Proceedings of the 9th ACM SIGCOMM Workshop on Hot Topics in Networks},
	Organization = {ACM},
	Pages = {19},
	Title = {A network in a laptop: rapid prototyping for software-defined networks},
	Year = {2010}
}

@inproceedings{liu2015,
	Author = {Weijie Liu and Rakesh Bobba and Sibin Mohan and Roy Campbell},
	Title = {Inter-Flow Consistency: Novel SDN Update Abstraction for Supporting Inter-Flow Constraint},
	Booktitle = {NDSS Workshop on Security of Emerging Networking Technologies (SENT)},
	Year = {2015}
}


@INPROCEEDINGS{liu2015-2, 
author={Weijie Liu and R. B. Bobba and S. Mohan and R. H. Campbell}, 
booktitle={2015 IEEE Conference on Communications and Network Security (CNS)}, 
title={Inter-flow consistency: A novel SDN update abstraction for supporting inter-flow constraints}, 
year={2015}, 
volume={}, 
number={}, 
pages={469-478}, 
keywords={centralised control;computer network security;data structures;graph theory;software defined networking;telecommunication control;Mininet OpenFlow network;Ryu SDN controller;SDN update abstraction;centralized controller;control planes;data planes;data structure;dependency graphs;inter-flow consistency;inter-flow constraints;network updates;security vulnerabilities;software defined networks;spatial isolation;transitional network;update scheduling algorithms;version isolation;Bandwidth;Communication networks;Conferences;Packet loss;Power system reliability;Reliability;Security}, 
doi={10.1109/CNS.2015.7346859}, 
ISSN={}, 
month={Sept}
}

@ARTICLE{sdn:scott-hayward2016, 
author={S. Scott-Hayward and S. Natarajan and S. Sezer}, 
journal={IEEE Communications Surveys Tutorials}, 
title={A Survey of Security in Software Defined Networks}, 
year={2016}, 
volume={18}, 
number={1}, 
pages={623-654}, 
keywords={computer network security;software defined networking;SDN-compliant hardware;SDN-compliant services;SDN-compliant software;cost reduction;network security architecture;software-defined networking;Computer architecture;Industries;Monitoring;Protocols;Security;Software;Tutorials;Network Security;OpenFlow;SDN;Secure SDN Architecture;Software Defined Networking;Software-defined networking;network security;secure SDN architecture}, 
doi={10.1109/COMST.2015.2453114}, 
ISSN={1553-877X}, 
month={Firstquarter},}
