@book{desrochers1995applications,
  title={Applications of Petri nets in manufacturing systems: modeling, control, and performance analysis},
  author={Desrochers, Alan A and Al-Jaar, Robert Y},
  year={1995},
  publisher={IEEE}
}


@book{askin1993modeling,
  title={Modeling and analysis of manufacturing systems},
  author={Askin, Ronald G and Standridge, Charles R},
  year={1993},
  publisher={John Wiley \& Sons Inc}
}

@book{cassandras1993discrete,
  title={Discrete event systems: modeling and performance analysis},
  author={Cassandras, Christos G},
  year={1993},
  publisher={CRC}
}

@book{zhou1999modeling,
  title={Modeling, simulation, and control of flexible manufacturing systems: a Petri net approach},
  author={Zhou, MengChu and Venkatesh, Kurapati},
  volume={6},
  year={1999},
  publisher={World Scientific}
}

@article{jain2001virtual,
  title={Virtual factory: an integrated approach to manufacturing systems modeling},
  author={Jain, Sanjay and Fong Choong, Ngai and Maung Aye, Khin and Luo, Ming},
  journal={International Journal of Operations \& Production Management},
  volume={21},
  number={5/6},
  pages={594--608},
  year={2001},
  publisher={MCB UP Ltd}
}

@article{ezpeleta1995petri,
  title={A Petri net based deadlock prevention policy for flexible manufacturing systems},
  author={Ezpeleta, Joaquin and Colom, Jose Manuel and Martinez, Javier},
  journal={IEEE transactions on robotics and automation},
  volume={11},
  number={2},
  pages={173--184},
  year={1995},
  publisher={IEEE}
}
